<?xml version="1.0" encoding="UTF-8"?><record xmlns="http://www.loc.gov/MARC21/slim" xmlns:cinclude="http://apache.org/cocoon/include/1.0" xmlns:zs="http://www.loc.gov/zing/srw/">
  <leader>01114cz  a2200181n  4500</leader>
  <controlfield tag="001">n  86012112 </controlfield>
  <controlfield tag="003">DLC</controlfield>
  <controlfield tag="005">20000508151431.0</controlfield>
  <controlfield tag="008">870316n| acannaabn          |n aaa      </controlfield>
  <datafield tag="010" ind1=" " ind2=" ">
    <subfield code="a">n  86012112 </subfield>
    <subfield code="z">no 98119918 </subfield>
  </datafield>
  <datafield tag="035" ind1=" " ind2=" ">
    <subfield code="a">(OCoLC)oca01809336</subfield>
  </datafield>
  <datafield tag="040" ind1=" " ind2=" ">
    <subfield code="a">DLC</subfield>
    <subfield code="c">DLC</subfield>
    <subfield code="d">DLC</subfield>
    <subfield code="d">MdU</subfield>
    <subfield code="d">DLC</subfield>
  </datafield>
  <datafield tag="100" ind1="1" ind2=" ">
    <subfield code="a">Twigg, John,</subfield>
    <subfield code="d">1957-</subfield>
  </datafield>
  <datafield tag="670" ind1=" " ind2=" ">
    <subfield code="a">His A history of Queens' College, Cambridge, 1448-1986, 1987:</subfield>
    <subfield code="b">CIP t.p. (John Twigg)</subfield>
  </datafield>
  <datafield tag="670" ind1=" " ind2=" ">
    <subfield code="a">Ph. call to Boydell Press, 3/12/87</subfield>
    <subfield code="b">(John Vernon Twigg; b. 6/28/57)</subfield>
  </datafield>
  <datafield tag="670" ind1=" " ind2=" ">
    <subfield code="a">Living with disaster, 1998:</subfield>
    <subfield code="b">cover p. 2 (John Twigg)</subfield>
  </datafield>
  <datafield tag="670" ind1=" " ind2=" ">
    <subfield code="a">Understanding vulnerability, c1998:</subfield>
    <subfield code="b">t.p. (John Twigg) p. 81 (research fellow of the Benfield Greig Hazard Research Centre, Univ. College, London; specializes in Third World Development and disaster mitigation; founding member of Duryog Nivaran)</subfield>
  </datafield>
  <datafield tag="670" ind1=" " ind2=" ">
    <subfield code="a">E-mail from J. Twigg, Feb. 3, 2000</subfield>
    <subfield code="b">(editor of Understanding vulnerability and of Living with disaster author of  A history of Queen's College, Cambridge and of The University of Cambridge and the English Revolution; full name is John David [not Vernon] Twigg; b. June 28, 1957)</subfield>
  </datafield>
</record>